@article{silha2019development,
  title={Development of the Slovak 70-cm optical passive system dedicated to space debris tracking on LEO to GEO orbits},
  author={Silha, Jiri and Kraj{\v{c}}ovi{\v{c}}, Stanislav and Zigo, Matej and Zilkova, Danica and Zigo, Pavol and Simon, Jaroslav and Toth, Juraj and Kornos, Leonard and Setty, Srinivas and Flohrer, Tim and others},
  journal={amos},
  pages={85},
  year={2019}
}

@inproceedings{krajvcovivc2019selected,
  title={Selected Modules from the Slovak Image Processing Pipeline for Space Debris and Near Earth Objects Observations and Research},
  author={Kraj{\v{c}}ovi{\v{c}}, Stanislav and {\v{D}}urikovi{\v{c}}, Roman and {\v{S}}ilha, Ji{\v{r}}{\'\i}},
  booktitle={2019 23rd International Conference Information Visualisation (IV)},
  pages={112--117},
  year={2019},
  organization={IEEE}
}

@book{Pytorch,
  title={Programming PyTorch for Deep Learning},
  author={ Ian Pointer},
  year={2019},
  publisher={O'Reilly Media}
}
